@misc{zener1,
title={Zener diode and MMICs produce true broadband noise},
month={October 14}, 
year={1999},
author={Lukasz Sliwczynski},
note={\url{https://www.edn.com/zener-diode-and-mmics-produce-true-broadband-noise/}}
}

@misc{zener2,
author={{Maxim Application Note 3469}},
month={Mar 14}, 
year={2005},
title={Build Low Cost White Noise Generator},
note={\url{https://www.maximintegrated.com/en/design/technical-documents/app-notes/3/3469.html}}
}

@misc{drm,
author={ETSI},
title={{D}igital {R}adio {M}ondiale ({DRM}); System Specification -- Final draft {ETSI ES 201 980 V3.1.1}},
year=2009,
note={\url{https://www.etsi.org/deliver/etsi_es/201900_201999/201980/03.01.01_50/es_201980v030101m.pdf}}
}

@misc{sdra,
publisher={Software Defined Radio Academy},
year={2017},
author={\'E. Courjaud, F5OEO},
title={{R}pitx: {R}aspberry {P}i {SDR} transmitter for the masses},
note={\url{https://www.youtube.com/watch?v=Jku4i8t_nPc}}
}

@misc{flag,
author={V. Schroer},
note={\url{https://www.mail-archive.com/discuss-gnuradio@gnu.org/msg73035.html}},
year=2021
}

@misc{ds,
author={Raspberry Pi},
title={{BCM2711} ARM Peripherals},
note={\url{https://datasheets.raspberrypi.org/bcm2711/bcm2711-peripherals.pdf}},
year=2020
}
